@misc{BBC,
    institution = "Unplugged, BBC Earth",
    title = "Amazing Slow Motion Bead Chain Experiment | Slow Mo | Earth Unplugged",
    month = "27 Jun.",
    year = "2013",
    howpublished = "\url{www.youtube.com/watch?v=6ukMId5fIi0}"
}

@misc{Hooke,
    title = "胡克定律",
    month = "17 Sept.",
    year = "2018",
    howpublished = "zh.wikipedia.org/wiki/胡克定律"
}

@misc{Re,
    title = "恢复系数",
    month = "31 Jan",
    year = "2019",
    howpublished = "zh.wikipedia.org/wiki/恢复系数"
}

@misc{Py,
    title = "``{P}ython中矩阵（Matrix或array）运算比for循环速度更快.'' 为什么版本控制如此重要？",
    howpublished = "CSDN博客,\url{blog.csdn.net/dreamofnous/article/details/53611142}"
}